<?xml version="1.0" encoding="UTF-8"?><collection xmlns="http://www.loc.gov/MARC21/slim"><record><leader>00305nam--2200121-i-4500</leader><controlfield tag="001">000030795</controlfield><controlfield tag="002">20161230</controlfield><controlfield tag="005">20161230201038</controlfield><controlfield tag="008">060222s1000------------r-----000-0-eng-d</controlfield><datafield ind1=" " ind2=" " tag="100"><subfield code="a">Mac Dougall, F.H</subfield></datafield><datafield ind1=" " ind2=" " tag="245"><subfield code="a">Physical chemistry.3.d edition</subfield></datafield><datafield ind1=" " ind2=" " tag="260"><subfield code="a">New York, Macmillan, 1952. Xii + 750p</subfield></datafield><datafield ind1=" " ind2=" " tag="852"><subfield code="a">12102</subfield></datafield></record></collection>